@inproceedings{Schnell2010THESC,
  title={THE SERRE CONSTRUCTION IN CODIMENSION TWO},
  author={C. Schnell},
  year={2010}
}

@article{Maruyama1976OpennessOA,
  title={Openness of a family of torsion free sheaves},
  author={M. Maruyama},
  journal={Journal of Mathematics of Kyoto University},
  year={1976},
  volume={16},
  pages={627-637}
}

% we cite a lot this book, coherence and singularity set
@inproceedings{Okonek1980VectorBO,
  title={Vector bundles on complex projective spaces},
  author={Christian Okonek and Michael Schneider and Heinz Spindler},
  year={1980}
}

% best place for coherent sheaves versus noetherian schemes
@book{mumford2013red,
  title={The Red Book of Varieties and Schemes},
  author={Mumford, D.},
  isbn={9783662215814},
  series={Lecture Notes in Mathematics},
  url={https://books.google.com.br/books?id=q83yCAAAQBAJ},
  year={2013},
  publisher={Springer Berlin Heidelberg}
}


@inproceedings{Lossen2004WhenDT,
  title={When does the Hessian determinant vanish identically ? ( On Gordan and Noether ’ s Proof of Hesse ’ s Claim )},
  author={Christoph Lossen},
  year={2004}
}

@article{GordanUeberDA,
  title={Ueber die algebraischen Formen, deren Hesse'sche Determinante identisch verschwindet},
  author={P. Gordan and M. N{\"o}ther},
  journal={Mathematische Annalen},
  volume={10},
  pages={547-568}
}

@misc{stacks-project,
  author       = {The {Stacks project authors}},
  title        = {The Stacks project},
  howpublished = {\url{https://stacks.math.columbia.edu}},
  year         = {2021},
}